@article{Silvaferramentas,
  title={Ferramentas de Behavior-Driven Development (BDD): Uma Revisao na Literatura Cinzenta},
  author={Silva, Edimailza Bezerra and Santos, Wylliams Barbosa}
}

@book{SchwaberSutherland2020,
  author    = {Ken Schwaber and Jeff Sutherland},
  title     = {The Scrum Guide: The Definitive Guide to Scrum: The Rules of the Game},
  year      = {2020},
  publisher = {Scrum.org},
  url       = {https://www.scrumguides.org/scrum-guide.html}
}

@book{millett2015patterns,
  author    = {Millett, Scott and Tune, Nick},
  title     = {Patterns, Principles, and Practices of Domain-Driven Design},
  year      = {2015},
  publisher = {John Wiley \& Sons},
}

@inproceedings{fraser2003test,
  title={Test driven development (TDD)},
  author={Fraser, Steven and Beck, Kent and Caputo, Bill and Mackinnon, Tim and Newkirk, James and Poole, Charlie},
  booktitle={International Conference on Extreme Programming and Agile Processes in Software Engineering},
  pages={459--462},
  year={2003},
  organization={Springer}
}

@article{ferreira2002arquiteturas,
  title={Arquiteturas de Software baseadas em Agentes: do N{\'\i}vel Global ao Detalhado},
  author={Ferreira, Steferson Lima Costa and Girardi, Rosario},
  journal={Revista Eletr{\^o}nica de Inicia{\c{c}}{\~a}o Cient{\'\i}fica da SBC},
  year={2002}
}

@book{evans2004domain,
  author    = {Eric Evans},
  title     = {Domain-Driven Design: Atacando as Complexidades no Coração do Software},
  year      = {2004},
  publisher = {Bookman},
  address   = {Porto Alegre},
  edition   = {1},
  language  = {Portuguese}
}

@book{bass2003,
  author = {Bass, Len and Clements, Paul and Kazman, Rick},
  title = {Software Architecture in Practice},
  year = {2003},
  publisher = {Addison-Wesley}
}

@book{fowler2003,
  author = {Fowler, Martin},
  title = {Patterns of Enterprise Application Architecture},
  year = {2003},
  publisher = {Addison-Wesley}
}

@book{richards2015,
  author = {Richards, Mark},
  title = {Software Architecture Patterns},
  year = {2015},
  publisher = {O'Reilly Media}
}

@book{gamma1994,
  author = {Gamma, Erich and Helm, Richard and Johnson, Ralph and Vlissides, John},
  title = {Design Patterns: Elements of Reusable Object-Oriented Software},
  year = {1994},
  publisher = {Addison-Wesley}
}





